@ARTICLE{whitla:crowd,
	AUTHOR = {Paul Whitla},
	TITLE = "Crowdsourcing and Its Application in Marketing Activities",
	Journal = "Contemporary Management Research / CMR / ISSN 1813-5498",
	VOLUME = {5},
	NUMBER = {1},
	YEAR = {2009}
}

@ARTICLE{howe:rise,
	AUTHOR = {Jeff Howe},
	TITLE = {The Rise of Crowdsourcing},
 	JOURNAL = {http://www.wired.com/wired/archive/14.06/crowds.html},
	MONTH = {June},
	YEAR = {2006},
    note = {[Online; accessed 10-January-2014]}
}

@INPROCEEDINGS{marjanovic:current,
	AUTHOR = "Olivera Marjanovic and Narcyz Roztocki",
	TITLE = "The Current Research Landscape of Crowdsourcing:
Implications for Emerging Economies",
	BOOKTITLE = "Proceedings of the International Conference on ICT Managemen",
	ORGANIZATION = "ICTM 2013",
	MONTH = "September", 
	YEAR = {2013}
}

@ARTICLE{div:crowd,
	AUTHOR = {Diverse},
	TITLE = {Wikipedia: Crowdsourcing},
 	JOURNAL = {http://en.wikipedia.org/wiki/Crowdsourcing},
    note = {[Online; accessed 25-January-2014]}
}

@ARTICLE{doan:crowd,
	AUTHOR = {AnHai Doan, Raghu Ramakrishnan and Alon Y. Halevy},
	TITLE = "Crowdsourcing Systems on the World-Wide Web",
	Journal = "Communications of the ACM",
	ORGANIZATION = "ICTM 2013",
	VOLUME = {54},
	NUMBER = {4},
	MONTH = "April", 
	YEAR = {2011}
}
@BOOK{brabham:crowd,
	AUTHOR = "Daren C. Brabham",
	TITLE = "Crowdsourcing",
	PUBLISHER = "MIT Press ",
	YEAR = "2013"	
}

@ARTICLE{brabham:crowd1,
	AUTHOR = {Daren Brabham},
	TITLE = "Crowdsourcing as a Model for Problem Solving: An Introduction and Cases",
	Journal = "Convergence: The International Journal of Research into New Media Technologie",
	VOLUME = {14},
	NUMBER = {1},
	YEAR = {2008}
}
@ARTICLE{arolas:definition,
	AUTHOR = {Enrique Estell√©s-Arolas},
	TITLE = "Towards an integrated crowdsourcing definition",
	Journal = "Journal of Information Science ",
	VOLUME = {XX},
	NUMBER = {X},
	YEAR = {2012}
}

@ARTICLE{yuen:select,
	AUTHOR = {Man-Ching Yuen, Irwin King and Kwong-Sak Leung},
	TITLE = {Task Matching in Crowdsourcing},
 	JOURNAL = {IEEE International Conferences on Internet of Things, and Cyber, Physical and Social Computing},
	MONTH = {June},
	YEAR = {2011},
}

@INPROCEEDINGS{le:ensure,
	AUTHOR = {John Le, Andy Edmonds, Vaughn Hester, Lukas Biewald},
	TITLE = "Ensuring quality in crowdsourced search relevance evaluation: The effects of training question distribution",
	BOOKTITLE = "Proceedings of the SIGIR 2010 Workshop on Crowdsourcing for Search Evaluation",
	ORGANIZATION = "SIGIR 2010",
	MONTH = "July", 
	YEAR = {2010}
}


@INPROCEEDINGS{kittur:studies,
	AUTHOR = {Aniket Kittur, Ed H. Chi, Bongwon Suh  },
	TITLE = "Crowdsourcing User Studies With Mechanical Turk ",
	ORGANIZATION = "CHI",
	MONTH = "April", 
	YEAR = {2008}
}



